@book{pesnell2012solar,
  title={The solar dynamics observatory (SDO)},
  author={Pesnell, W Dean and Thompson, B J and Chamberlin, PC},
  year={2012},
  publisher={Springer}
}
